@article{hinton2002stochastic,
  title={Stochastic neighbor embedding},
  author={Hinton, Geoffrey E and Roweis, Sam},
  journal={Advances in neural information processing systems},
  volume={15},
  year={2002}
}

@phdthesis{otremba2022smartpitch,
  title={SmartPitch: Applied machine learning for professional baseball pitching strategy},
  author={Otremba Jr, Stephen Eugene},
  year={2022},
  school={Massachusetts Institute of Technology}
}

@article{battles2025predicting,
  title={Predicting high-performance decathlon career best},
  author={Battles, Perry and Noble, Tyler J and Chapman, Robert F},
  journal={Experimental Physiology},
  year={2025},
  publisher={Wiley Online Library}
}

@article{vstrumbelj2014explaining,
  title={Explaining prediction models and individual predictions with feature contributions},
  author={{\v{S}}trumbelj, Erik and Kononenko, Igor},
  journal={Knowledge and information systems},
  volume={41},
  pages={647--665},
  year={2014},
  publisher={Springer}
}

